% This file was created with JabRef 2.4.1.
% Encoding: UTF8

@inproceedings{cao2018openpose,
  author = {Zhe Cao and Gines Hidalgo and Tomas Simon and Shih-En Wei and Yaser Sheikh},
  booktitle = {arXiv preprint arXiv:1812.08008},
  title = {Open{P}ose: realtime multi-person 2{D} pose estimation using {P}art {A}ffinity {F}ields},
  year = {2018}
}

@inproceedings{cao2017realtime,
  author = {Zhe Cao and Tomas Simon and Shih-En Wei and Yaser Sheikh},
  booktitle = {CVPR},
  title = {Realtime Multi-Person 2D Pose Estimation using Part Affinity Fields},
  year = {2017}
}

@inproceedings{simon2017hand,
  author = {Tomas Simon and Hanbyul Joo and Iain Matthews and Yaser Sheikh},
  booktitle = {CVPR},
  title = {Hand Keypoint Detection in Single Images using Multiview Bootstrapping},
  year = {2017}
}

@inproceedings{wei2016cpm,
  author = {Shih-En Wei and Varun Ramakrishna and Takeo Kanade and Yaser Sheikh},
  booktitle = {CVPR},
  title = {Convolutional pose machines},
  year = {2016}
}

@book{WendySandler:2006,
	author = {Sandler Wendy, Lillo-Martin Diane},
	title = {Sign Language and Linguistic Universals},
	year = {2006},
	isbn = {9780521483957},
} 

@INPROCEEDINGS{ASLLexiconVideoDataset, 
	author={V. {Athitsos} and C. {Neidle} and S. {Sclaroff} and J. {Nash} and A. {Stefan} and and A. {Thangali}}, 
	booktitle={2008 IEEE Computer Society Conference on Computer Vision and Pattern Recognition Workshops}, 
	title={The American Sign Language Lexicon Video Dataset}, 
	year={2008}, 
	volume={}, 
	number={}, 
	pages={1-8}, 
	keywords={computer vision;handicapped aids;image sequences;learning (artificial intelligence);American sign language lexicon video dataset;written representation;English translation;public dataset;video sequences;computer vision system;machine learning methods;Handicapped aids;Dictionaries;Video sequences;Vocabulary;Computer science;Computer vision;Data engineering;Learning systems;Design methodology;Machine learning}, 
	doi={10.1109/CVPRW.2008.4563181}, 
	ISSN={2160-7508}, 
	month={June},}

@article{bureauOfLaborStat,
  author = {Bureau of Labor Statistics,U.S. Department of Labor},
  title = {Occupational Outlook Handbook: Interpreters and Translators},
  howpublished = "\url{https://www.bls.gov/ooh/media-and-communication/interpreters-and-translators.htm}",
  year = {2019},
  month={04},
  note="[Online; accessed 01-July-2019]"
}

@inproceedings{vision1,
 author = {Bauer, Britta and Kraiss, Karl-Friedrich},
 title = {Towards an Automatic Sign Language Recognition System Using Subunits},
 booktitle = {Revised Papers from the  International Gesture Workshop on Gesture and Sign Languages in Human-Computer Interaction},
 series = {GW '01},
 year = {2002},
 isbn = {3-540-43678-2},
 pages = {64--75},
 numpages = {12},
 url = {http://dl.acm.org/citation.cfm?id=647592.728866},
 acmid = {728866},
 publisher = {Springer-Verlag},
 address = {London, UK, UK},
} 
@INPROCEEDINGS{vision2, 
author={ {Jiangwen Deng} and H. T. {Tsui}}, 
booktitle={Proceedings of Fifth IEEE International Conference on Automatic Face Gesture Recognition}, 
title={A PCA/MDA scheme for hand posture recognition}, 
year={2002}, 
volume={}, 
number={}, 
pages={294-299}, 
keywords={gesture recognition;principal component analysis;image classification;unsupervised learning;optimisation;feedback;vocabulary;hidden Markov models;handicapped aids;appearance-based hand posture recognition;principal component analysis;multiple discriminant analysis;node layers;pattern classification;posture classification;training;unsupervised classification;expectation maximization;feedback;sign vocabulary;sign language;hidden Markov model;movement modeling;recognition rate;Principal component analysis;Linear discriminant analysis;Vocabulary;Hidden Markov models;Shape;Scattering;Feedback;Testing;Joints;Image segmentation}, 
doi={10.1109/AFGR.2002.1004169}, 
ISSN={}, 
month={May},}

@book{gallaudetBook1,
	author = {R. A. Tennant, M. G. Brown},
	title = {The American Sign Language Handshape Dictionary},
	year = {2010},
	isbn = {9781563684449},
  publisher = {Gallaudet University Press}
} 
@book{gallaudetBook2,
	author = {Clayton Valli},
	title = {The Gallaudet Dictionary of American Sign Language},
	year = {2006},
	isbn = {9781563682827},
  publisher = {Gallaudet University Press}
}

@article{startAslCom,
  author = {Michelle Jay},
  title = {History of American Sign Language},
  date = {01},
  month = {10},
  year = {2010},
  howpublished = "\url{https://www.startasl.com/history-of-american-sign-language}",
  note="[Online; accessed 09-July-2019]"
}

@article{dawnSignPress,
  author = {DawnSignPress},
  title = {History of American Sign Language},
  howpublished = "\url{https://www.dawnsign.com/news-detail/history-of-american-sign-language}",
  date = {17},
  month = {08},
  year = {2016},
  note = "[Online; accessed 09-July-2019]"
}

@misc{ wiki:xxx,
    author = "{Wikipedia contributors}",
    title = "American Sign Language",
    year = "2019",
    howpublished = "\url{https://en.wikipedia.org/w/index.php?title=American_Sign_Language&oldid=904706391}",
    note = "[Online; accessed 9-July-2019]"
  }

@misc{Gartner14,
  author = {Gartner},
  title = {{Gartner Says 8.4 Billion Connected "Things" Will Be in Use in 2017, Up 31 Percent From 2016}},
  howpublished = "\url{https://www.gartner.com/newsroom/id/3598917}",
  year = {2014}, 
  note = "[Online; accessed 30-November-2018]"
}

@InProceedings{nisyncandnyaggre,
	author = {{J. F. Cremers, C and Mauw, Sjouke and Vink, Erik}},
	year = {2004},
	month = {07},
	title = {Dening Authentication in a Trace Model}
}

@InProceedings{lee,
	author={Lee, Boohyung and Malik, Sehrish and Wi, Sarang and Lee, Jong-Hyouk},
	editor={Lee, Jong-Hyouk	and Pack, Sangheon},
	title={Firmware Verification of Embedded Devices Based on a Blockchain},
	booktitle={Quality, Reliability, Security and Robustness in Heterogeneous Networks},
	year={2017},
	publisher={Springer International Publishing},
	address={Cham},
	pages={52--61},
	isbn={978-3-319-60717-7}
}

@INPROCEEDINGS{boudguiga, 
	author={A. Boudguiga and N. Bouzerna and L. Granboulan and A. Olivereau and F. Quesnel and A. Roger and R. Sirdey}, 
	booktitle={2017 IEEE European Symposium on Security and Privacy Workshops (EuroS PW)}, 
	title={Towards Better Availability and Accountability for IoT Updates by Means of a Blockchain}, 
	year={2017}, 
	doi={10.1109/EuroSPW.2017.50}, 
	ISSN={}, 
	month={April}
}



@INPROCEEDINGS{Rashedul16,
  author = {Rashedul Hassan and Konstantinos Markantonakis and Raja Naeem Akram},
  title = {Can You Call the Software in Your Device be Firmware?},
  year = {2016},
  doi = {https://doi.org/10.1109/ICEBE.2016.040},
  ee = {https://ieeexplore.ieee.org/document/7809921/metrics#metrics},
  publisher = {IEEE 13th International Conference on e-Business Engineering (ICEBE)}
}

@INPROCEEDINGS{Byung16,
  author = {Byung-Chul Choi and Seoung-Hyeon Lee and Jung-Chan Na and Jong-Hyouk Lee},
  title = {Secure firmware validation and update for consumer devices in home networking},
  year = {2016},
  pages = {39-44},
  doi = {https://ieeexplore.ieee.org/document/7448561},
  ee = {https://ieeexplore.ieee.org/document/7809921/metrics#metrics},
  publisher = {IEEE Transactions on Consumer Electronics}
}

@MISC{ProofPoint14,
  author = {Proof Point},
  title = {Proofpoint Uncovers Internet of Things (IoT) Cyberattack},
  year = {2014},
  howpublished = "\url{https://www.proofpoint.com/us/proofpoint-uncovers-internet-things-iot-cyberattack}",
  publisher = {Proof Point}
}

@INPROCEEDINGS{securefota, 
author={K. Doddapaneni and R. Lakkundi and S. Rao and S. G. Kulkarni and B. Bhat}, 
booktitle={2017 IEEE 42nd Conference on Local Computer Networks Workshops (LCN Workshops)}, 
title={Secure FoTA Object for IoT}, 
year={2017}, 
volume={}, 
number={}, 
pages={154-159}, 
keywords={computer network security;cryptography;firmware;Internet;Internet of Things;secure object format;Internet of Things;firmware-over-the air;OMA;device behaviour updates;firmware object signing-and-encryption;FOSE;JOSE;JSON object signing encryption;functional updates;feature updates;IoT device ecosystem firmware;Open Mobile Alliance;secure FoTA Object;over-the-air updates;FoTA payload;Security;Servers;Protocols;Microprogramming;Standards;Performance evaluation;Payloads;IoT;FoTA;firmware;secure;Open Mobile Alliance (OMA);Firmware Object Signing and Encryption}, 
doi={10.1109/LCN.Workshops.2017.78}, 
ISSN={}, 
month={Oct},}

@article{deafnessAndHearingLoss,
author = {World Health Organization},
year = {2019},
month = {03},
pages = {},
title = {Deafness and Hearing Loss},
}

@inproceedings{conf/ndss/2013,
  author = {Cui, Ang and Costello, Michael and Stolfo, Salvatore J.},
  biburl = {https://www.bibsonomy.org/bibtex/25f651ce037b47e52b0ec30ccc7c9e7bd/dblp},
  booktitle = {NDSS},
  crossref = {conf/ndss/2013},
  ee = {https://www.ndss-symposium.org/ndss2013/when-firmware-modifications-attack-case-study-embedded-exploitation},
  interhash = {44bc21f5c5553c645f1743e937056222},
  intrahash = {5f651ce037b47e52b0ec30ccc7c9e7bd},
  keywords = {dblp},
  publisher = {The Internet Society},
  timestamp = {2018-01-17T11:37:42.000+0100},
  title = {When Firmware Modifications Attack: A Case Study of Embedded Exploitation.},
  url = {http://dblp.uni-trier.de/db/conf/ndss/ndss2013.html#CuiCS13},
  year = 2013
}

@MISC{hddfirmware,
	author = {Kim Zetter},
	title = {HOW THE NSA'S FIRMWARE HACKING WORKS AND WHY IT'S SO UNSETTLING},
	year = {2015},
	howpublished = "\url{https://www.wired.com/2015/02/nsa-firmware-hacking//}",
	publisher = {Wired}
}

@MISC{batteryfirmware,
  author = {Charlie Miller and Accuvant Labs},
  title = {Battery Firmware Hacking},
  year = {2011},
  howpublished = "\url{https://media.blackhat.com/bh-us-11/Miller/BH_US_11_Miller_Battery_Firmware_Public_WP.pdf/}",
  publisher = {Media Blackhat}
}

@misc{ wiki:skiplist,
  author = {{Wikipedia}},
  title = "Skip list --- {W}ikipedia{,} The Free Encyclopedia",
  url = "https://en.wikipedia.org/wiki/Skip_list",
  note = "[Online; accessed 2-December-2018]"
}

@misc{ wiki:pbkdf2,
  author = {{Wikipedia}},
  title = "PBKDF2",
  url = "https://en.wikipedia.org/wiki/PBKDF2",
  note = "[Online; accessed 20-December-2018]"
}

@misc{ wiki:cih,
  author = {{Wikipedia}},
  title = "CIH (computer virus)",
  url = "https://en.wikipedia.org/wiki/CIH_(computer_virus)",
  note = "[Online; accessed 8-December-2018]"
}

@misc{skiplistOriginate,
  author = {{William Pugh}},
  title = "Concurrent Maintenance of Skip Lists",
  year = {1989},
  howpublished = "\url{https://drum.lib.umd.edu/handle/1903/542}"
}

@inproceedings{signatureScheme,
	author = {Kuo-Hui Yeh and Chunhua Su and Kim-Kwang Raymond Choo and Wayne Chiu},
	title = {A Novel Certificateless Signature Scheme for Smart
	Objects in the Internet-of-Things},
	booktitle = {MDPI},
	year = {1992},
	isbn = {0-89791-466-X},
	location = {Orlando, Florida, USA},
	pages = {367--375},
	numpages = {9},
	url = {http://dl.acm.org/citation.cfm?id=139404.139478},
	acmid = {139478},
	publisher = {Society for Industrial and Applied Mathematics},
	address = {Philadelphia, PA, USA},
} 

@article{asymmetricScheme,
	author = {Tanwar, Govind Singh and Singh, Ganesh and Gaur, Vishal},
	title = {Secured Encryption - Concept and Challenge},
	journal = {International Journal of Computer Application},
	issue_date = {May 2010},
	volume = {2},
	month = May,
	year = {2010},
	issn = {0975 – 8887}
} 



@inproceedings{deterministicSkiplist,
 author = {Munro, J. Ian and Papadakis, Thomas and Sedgewick, Robert},
 title = {Deterministic Skip Lists},
 booktitle = {Proceedings of the Third Annual ACM-SIAM Symposium on Discrete Algorithms},
 series = {SODA '92},
 year = {1992},
 isbn = {0-89791-466-X},
 location = {Orlando, Florida, USA},
 pages = {367--375},
 numpages = {9},
 url = {http://dl.acm.org/citation.cfm?id=139404.139478},
 acmid = {139478},
 publisher = {Society for Industrial and Applied Mathematics},
 address = {Philadelphia, PA, USA},
} 

@inproceedings{yohan,
	author = {Yohan, Alexander and Lo, Nai-Wei and Achawapong, Suttawee},
	title = {Blockchain-based Firmware Update Framework for
	Internet-of-Things Environment},
	booktitle="Proceedings of the 2018 International Conference on Information and Knowledge Engineering",
	series = {IKE'18},
	year = {2018},
	isbn = {1-60132-484-7},
	location = {Las Vegas, Nevada, USA},
	pages = {151--155},
	numpages = {5},
	url = {https://csce.ucmss.com/cr/books/2018/LFS/CSREA2018/IKE9004.pdf},
	publisher = {CSREA Press},
} 


@MISC{proofofwork,
  author = {Satoshi Nakamoto},
  title = {Proof of work},
  howpublished = "\url{https://en.bitcoin.it/wiki/Proof_of_work}",
  publisher = {Bitcoin}
}

@MISC{cryptolib,
	author = {Wei Dai},
	year = {2009},
	title = {Crypto++ 5.6.0 Benchmarks},
	howpublished = "\url{https://www.cryptopp.com/benchmarks.html}",
	publisher = {Cryptopp}
}

@MISC{hashcash,
  author = {Adam Back},
  title = {Hashcash - A Denial of Service Counter-Measure},
  howpublished = "\url{http://www.hashcash.org/papers/hashcash.pdf}",
  year = {2002},
  publisher = {Tech Report}
}

@MISC{Satoshi,
  author = {Satoshi Nakamoto},
  title = {Bitcoin: a peer-to-peer electronic cash system},
  howpublished = "\url{https://bitcoin.org/bitcoin.pdf}",
  publisher = {Satosho Nakamoto}
}

@MISC{Skipchain,
  author = {Bryan Ford},
  title = {HOW DO YOU KNOW IT'S ON THE BLOCKCHAIN? WITH A SKIPCHAIN},
  howpublished = "\url{https://bford.github.io/2017/08/01/skipchain/}",
  publisher = {Bryan Ford}
}

@article{Diffie:2006:NDC:2263321.2269104,
 author = {Diffie, W. and Hellman, M.},
 title = {New Directions in Cryptography},
 journal = {IEEE Trans. Inf. Theor.},
 issue_date = {November 1976},
 volume = {22},
 number = {6},
 month = sep,
 year = {2006},
 issn = {0018-9448},
 pages = {644--654},
 numpages = {11},
 url = {http://dx.doi.org/10.1109/TIT.1976.1055638},
 doi = {10.1109/TIT.1976.1055638},
 acmid = {2269104},
 publisher = {IEEE Press},
 address = {Piscataway, NJ, USA},
} 

@InProceedings{schnorrsign,
author="Schnorr, C. P.",
editor="Brassard, Gilles",
title="Efficient Identification and Signatures for Smart Cards",
booktitle="Advances in Cryptology --- CRYPTO' 89 Proceedings",
year="1990",
publisher="Springer New York",
address="New York, NY",
pages="239--252",
abstract="We present an efficient interactive identification scheme and a related signature scheme that are based on discrete logarithms and which are particularly suited for smart cards. Previous cryptoschemes, based on the discrete logarithm, have been proposed by El Gamal (1985), Chaum, Evertse, Graaf (1988), Beth (1988) and G{\"u}nter (1989). The new scheme comprises the following novel features.",
isbn="978-0-387-34805-6"
}



@INPROCEEDINGS{cosigning, 
author={E. Syta and I. Tamas and D. Visher and D. I. Wolinsky and P. Jovanovic and L. Gasser and N. Gailly and I. Khoffi and B. Ford}, 
booktitle={2016 IEEE Symposium on Security and Privacy (SP)}, 
title={Keeping Authorities "Honest or Bust" with Decentralized Witness Cosigning}, 
year={2016}, 
volume={}, 
number={}, 
pages={526-545}, 
keywords={computer network security;cryptographic protocols;data protection;digital signatures;Internet;private key cryptography;trees (mathematics);CoSi protocol;witness cosigning protocol;secret key;privacy protection;transparency mechanism;man-in-the-middle attacker;Internet access;cryptographic multisignature method;communication tree;Servers;Public key;Protocols;Software;Prototypes;Browsers;transparency;signatures;multisignatures;cryptography;distributed protocols;scalability}, 
doi={10.1109/SP.2016.38}, 
ISSN={2375-1207}, 
month={May},}

@misc{chainiac,
    author = {Kirill Nikitin and Eleftherios Kokoris-Kogias and Philipp Jovanovic and Linus Gasser and Nicolas Gailly and Ismail Khoffi and Justin Cappos and Bryan Ford},
    title = {CHAINIAC: Proactive Software-Update Transparency via Collectively Signed Skipchains and Verified Builds},
    howpublished = {Cryptology ePrint Archive, Report 2017/648},
    year = {2017},
    note = {\url{https://eprint.iacr.org/2017/648}},
}

@MISC{DBLP:journals/comcom/CamONMS06,
  author = {Hasan \c{C}am and Suat {\"O}zdemir and Prashant Nair and Devasenapathy
	Muthuavinashiappan and Hidayet Ozgur Sanli},
  title = {Energy-efficient secure pattern based data aggregation for wireless
	sensor networks},
  year = {2006},
  bibsource = {DBLP, http://dblp.uni-trier.de},
  ee = {http://dx.doi.org/10.1016/j.comcom.2004.12.029},
  journal = {Computer Communications},
  number = {4},
  pages = {446-455},
  volume = {29}
}

@ARTICLE{Gautam,
  author = {Benjamin Arai and Gautam Das and Dimitrios Gunopulos and Vana Kalogeraki},
  title = {Efficient Approximate Query Processing in Peer-to-Peer Networks},
  journal = {IEEE Transactions on Knowledge and Data Engineering},
  year = {2007},
  volume = {19},
  pages = {919-933},
  number = {7},
  address = {Los Alamitos, CA, USA},
  doi = {http://doi.ieeecomputersociety.org/10.1109/TKDE.2007.1064},
  issn = {1041-4347},
  publisher = {IEEE Computer Society}
}

@INPROCEEDINGS{abc, 
	author={V. {Athitsos} and C. {Neidle} and S. {Sclaroff} and J. {Nash} and A. {Stefan} and and A. {Thangali}}, 
	booktitle={2008 IEEE Computer Society Conference on Computer Vision and Pattern Recognition Workshops}, 
	title={The American Sign Language Lexicon Video Dataset}, 
	year={2008}, 
	volume={}, 
	number={}, 
	pages={1-8}, 
	keywords={computer vision;handicapped aids;image sequences;learning (artificial intelligence);American sign language lexicon video dataset;written representation;English translation;public dataset;video sequences;computer vision system;machine learning methods;Handicapped aids;Dictionaries;Video sequences;Vocabulary;Computer science;Computer vision;Data engineering;Learning systems;Design methodology;Machine learning}, 
	doi={10.1109/CVPRW.2008.4563181}, 
	ISSN={2160-7508}, 
	month={June}}

